@book{murphy1999technical,
  author = {Murphy, John J.},
  isbn = {0735200661 9780735200661},
  publisher = {New York Institute of Finance},
  title = {Technical analysis of the financial markets: a comprehensive guide to trading methods and applications},
  year = 1991,
  edition = {1 st}
}

@book{technicalAnalysisKirkPatrick,
  author ="Kirkpatrick, Charles D. and Dahlquist, Julie R.",
  isbn = {9780137059447},
  publisher = {Pearson Education, Inc.},
  title = {Technical Analysis. The Complete Resource For Financial Market Technicians},
  year = 2011,
  edition = 2nd
}

@book{encycoplediaTechnicalIndicators,
  author ="Colby, Robert W.",
  isbn = {9780071711623},
  publisher = {The McGraw-Hill Companies},
  title = {The Encyclopedia of Technical Market Indicators},
  year = 2003,
  edition = 2nd
}

@book{simon2013evolutionary,
  title={Evolutionary {O}ptimization {A}lgorithms},
  author={Simon, Dan},
  year={2013},
  edition = {1st},
  publisher = {John Wiley \& Sons}
}

@book{dataMiningUsingR,
author = {Cichosz,Pawel},
title = {Data {M}ining {A}lgorithms: {E}xplained {U}sing R},
year = {2015},
edition = {1st},
publisher = {Wiley Publishing},
isbn = {111833258X, 9781118332580},
}

@book{AdvancesMLFinance,
author = {Lopez de Prado,Marcos},
title = {Advances in financial machine learning},
year = {2018},
edition = {1 st},
publisher = {John Wiley \& Sons Inc.},
}

@InProceedings{AQCervone2010,
author = {Cervone, Guido and Franzese, Pasquale and Keesee, Allen P.K. },
booktitle = {Wiley Interdisciplinary Reviews: Computational Statistics},
doi = {10.1002/wics.78},
issn = {19395108},
number = {2},
pages = {218--236},
title = {{Algorithm quasi-optimal (AQ) learning}},
volume = {2},
year = {2010}
}

@inproceedings{AQMichalski1991,
author={J. {Wojtusiak} and R. S. {Michalski} and K. A. {Kaufman} and J. {Pietrzykowski}},
booktitle={2006 18th IEEE International Conference on Tools with Artificial Intelligence (ICTAI'06)},
title={The {AQ21} Natural Induction Program for Pattern Discovery: Initial Version and its Novel Features},
year = {2006},
month = {November},
doi={10.1109/ICTAI.2006.109},
issn={1082-3409}
}

@article{michalski1969quasi,
  title={On the quasi-minimal solution of the general covering problem},
  author={Michalski, Ryszard S},
  year={1969}
}

@InProceedings{AQWojtusiak2012,
author={Wojtusiak, Janusz},
editor={Seel, Norbert M.},
title={A{Q} Learning},
booktitle={Encyclopedia of the Sciences of Learning},
year={2012},
publisher={Springer US},
address={Boston, MA},
pages={298--300},
isbn={978-1-4419-1428-6},
doi={10.1007//978-1-4419-1428-6_845},
}

@article{CN2-Clark1989,
author = {Clark, Peter and Niblett, T.},
journal = {Machine Learning},
publisher = {Kluwer Academic Publishers},
keywords = {Concept learning, comprehensibility, noise, rule induction},
issue_date = {March 1989},
volume = {3},
number = {4},
pages = {261--283},
doi = {10.1023/A:1022641700528},
title = {The {CN}2 rule induction algorithm},
volume = {3},
year = {1989}
}


@InProceedings{CFA2019,
author="Cleary, Sean
and Atkinson, Howard J.
and Peterson Drake, Pamela",
title="Market Efficiency",
booktitle="2019 CFA Program Curriculum Level 1 Volume 5",
year="2018",
publisher="CFA Institute",
isbn="978-1-946-44225-3"
}

@InProceedings{CFA2019-market-index,
author="Kaplan, Paul D.
and Kelly, Dorothy C.",
title="Security Market Indexes",
booktitle="2019 CFA Program Curriculum Level 1 Volume 5",
year="2018",
publisher="CFA Institute",
isbn="978-1-946-44225-3"
}

@article{Fama1965,
 ISSN = {00219398, 15375374},
 URL = {http://www.jstor.org/stable/2350752},
 author = {Fama, Eugene F.},
 journal = {The Journal of Business},
 number = {1},
 pages = {34--105},
 publisher = {University of Chicago Press},
 title = {The Behavior of Stock-Market Prices},
 volume = {38},
 year = {1965}
}

@InProceedings{CN2Improvements,
author="Clark, Peter
and Boswell, Robin",
editor="Kodratoff, Yves",
title="Rule induction with {CN2}: Some recent improvements",
booktitle="Machine Learning --- EWSL-91",
year="1991",
publisher="Springer Berlin Heidelberg",
address="Berlin, Heidelberg",
pages="151--163",
isbn="978-3-540-46308-5",
doi = "10.1007/BFb0017011"
}

@article{Allen1999,
author = {Allen, Franklin and Karjalainen, Risto},
doi = {10.1016/S0304-405X(98)00052-X},
isbn = {0304-405X},
issn = {0304405X},
journal = {Journal of Financial Economics},
number = {2},
pages = {245--271},
title = {{Using genetic algorithms to find technical trading rules}},
volume = {51},
year = {1999}
}

@article{Leigh2002,
author = {Leigh, William and Modani, Naval and Purvis, Russell and Roberts, Tom},
doi = {10.1016/S0957-4174(02)00034-9},
issn = {09574174},
journal = {Expert Systems with Applications},
keywords = {Financial expert system,Stock market,Technical analysis},
number = {2},
pages = {155--159},
title = {{Stock market trading rule discovery using technical charting heuristics}},
volume = {23},
year = {2002}
}

@article{Potvin2004,
author = {Potvin, Jean Yves and Soriano, Patrick and Maxime, Vall{\'{e}}e},
doi = {10.1016/S0305-0548(03)00063-7},
isbn = {0305-0548},
issn = {03050548},
journal = {Computers and Operations Research},
keywords = {Genetic programming,Stock markets,Technical analysis,Trading rules},
mendeley-groups = {Tesis MSc},
number = {7},
pages = {1033--1047},
title = {{Generating trading rules on the stock markets with genetic programming}},
volume = {31},
year = {2004}
}

@article{Parracho2010,
author = {Parracho, P and Neves, Rui and Horta, Nuno},
doi = {10.1145/1830761.1830884},
isbn = {9781450300735 (ISBN)},
journal = {12th Annual Genetic and Evolutionary Computation Conference, GECCO-2010},
keywords = {Commerce,Financial market,Genetic algorithms,Intelligent computation,Optimization,Pattern detection,Pattern recognition,Stock indices,Technical analysis,Trading rules,Trading rules optimization},
pages = {2105--2106},
title = {{Trading in financial markets using pattern recognition optimized by genetic algorithms}},
url = {http://www.scopus.com/inward/record.url?eid=2-s2.0-77955949001{\&}partnerID=40{\&}md5=d738c822ed379301b1ec35eaa255c717},
year = {2010}
}

@article{Kaucic2010,
author = {Kaucic, Massimiliano},
doi = {10.1016/j.ejor.2010.07.008},
isbn = {0377-2217},
issn = {03772217},
journal = {European Journal of Operational Research},
keywords = {Evolutionary learning,Expert trading system,Genetic algorithms,Technical analysis},
number = {3},
pages = {1717--1727},
publisher = {Elsevier B.V.},
title = {{Investment using evolutionary learning methods and technical rules}},
url = {http://dx.doi.org/10.1016/j.ejor.2010.07.008},
volume = {207},
year = {2010}
}

@InProceedings{Lohpetch2010,
author="Lohpetch, Dome
and Corne, David",
editor="Di Chio, and et al",
title="Outperforming Buy-and-Hold with Evolved Technical Trading Rules: Daily, Weekly and Monthly Trading",
booktitle="Applications of Evolutionary Computation. EvoApplications 2010. Lecture Notes in Computer Science",
year="2010",
publisher="Springer Berlin Heidelberg",
address="Berlin, Heidelberg",
pages="171--181",
isbn="978-3-642-12242-2",
doi = "10.1007/978-3-642-12242-2_18",
volume = 6025
}

@article{Teixeira2010,
author = {Teixeira, Lamartine Almeida and {De Oliveira}, Adriano Lorena In{\'{a}}cio},
doi = {10.1016/j.eswa.2010.03.033},
issn = {09574174},
journal = {Expert Systems with Applications},
keywords = {Financial forecasting,Machine learning,Nearest neighbor prediction,Stock trend prediction},
number = {10},
pages = {6885--6890},
publisher = {Elsevier Ltd},
title = {{A method for automatic stock trading combining technical analysis and nearest neighbor classification}},
volume = {37},
year = {2010}
}

@inproceedings{Preen2010,
author = {Preen, Richard},
booktitle = {Lecture Notes in Computer Science (including subseries Lecture Notes in Artificial Intelligence and Lecture Notes in Bioinformatics)},
doi = {10.1007/978-3-642-17508-4_11},
isbn = {3642175074},
issn = {03029743},
keywords = {Computational finance,Learning classifier systems,XCS},
title = {{Identifying trade entry and exit timing using mathematical technical indicators in XCS}},
year = {2010}
}

@inproceedings{Canelas2012-gecco,
author = {Canelas, Ant{\'{o}}nio and Neves, Rui and Horta, Nuno},
booktitle = {Proceedings of the fourteenth international conference on Genetic and evolutionary computation conference - GECCO '12},
doi = {10.1145/2330163.2330310},
isbn = {9781450311779},
title = {{A new SAX-GA methodology applied to investment strategies optimization}},
year = {2012}
}

@inproceedings{Canelas2013-gecco,
author = {Canelas, Antonio and Neves, Rui and Horta, Nuno},
booktitle = {Proceeding of the fifteenth annual conference companion on Genetic and evolutionary computation conference companion - GECCO '13 Companion},
doi = {10.1145/2464576.2464664},
isbn = {9781450319645},
title = {{Multi-dimensional pattern discovery in financial time series using sax-ga with extended robustness}},
year = {2013}
}

@article{Canelas2013-journal,
author = "Canelas, Ant{\'{o}}nio and Neves, Rui and Horta, Nuno",
doi = {10.1016/j.eswa.2012.09.002},
isbn = {0957-4174},
issn = {09574174},
journal = {Expert Systems with Applications},
keywords = {Financial markets,Frequent patterns,Genetic algorithm,Pattern discovery,Pattern recognition,SAX representation,Time series},
number = {5},
pages = {1579--1590},
title = {{A SAX-GA approach to evolve investment strategies on financial markets based on pattern discovery techniques}},
volume = {40},
year = {2013}
}

@inproceedings{Kuo2013,
author = {Kuo, Shu Yu and Kuo, Chun and Chou, Yao Hsin},
booktitle = {2013 IEEE Congress on Evolutionary Computation, CEC 2013},
doi = {10.1109/CEC.2013.6557680},
isbn = {9781479904549},
issn = {21693536},
title = {{Dynamic stock trading system based on Quantum-inspired Tabu Search algorithm}},
year = {2013}
}


@article{Wang2014,
author = {Wang, Fei and Yu, Philip L.H. and Cheung, David W.},
doi = {10.1016/j.eswa.2013.10.032},
isbn = {9781479914845},
issn = {09574174},
journal = {Expert Systems with Applications},
keywords = {Bootstrapping,Particle swarm optimization,Technical trading rules},
title = {{Combining technical trading rules using particle swarm optimization}},
year = {2014}
}

@article{Hu2015,
author = {Hu, Yong and Liu, Kang and Zhang, Xiangzhou and Su, Lijun and Ngai, E. W.T. and Liu, Mei},
journal = {Applied Soft Computing Journal},
doi = {10.1016/j.asoc.2015.07.008},
isbn = {1568-4946},
issn = {15684946},
keywords = {Algorithmic trading,Classification framework,Evolutionary computation,Literature review,Rule discovery,Stock trading rule},
title = {{Application of evolutionary computation for rule discovery in stock algorithmic trading: A literature review}},
year = {2015}
}


@article{Leitao2016,
title = "Combining rules between {PIPs} and {SAX} to identify patterns in financial markets",
journal = "Expert Systems with Applications",
volume = "65",
pages = "242 - 254",
year = "2016",
issn = "0957-4174",
doi = "https://doi.org/10.1016/j.eswa.2016.08.032",
url = "http://www.sciencedirect.com/science/article/pii/S0957417416304249",
author = "Leitão, João and Neves, Rui and Horta, Nuno",
keywords = "Pattern discovery, Rules, Perceptually Important Points (PIPs), SAX representation, Genetic Algorithm, Investment rules",
}



