@misc{AQCervone2010,
author = {Guido Cervone, Pasquale Franzese, and Allen P.K. Keesee},
booktitle = {Wiley Interdisciplinary Reviews: Computational Statistics},
doi = {10.1002/wics.78},
issn = {19395108},
month = {mar},
number = {2},
pages = {218--236},
title = {{Algorithm quasi-optimal (AQ) learning}},
volume = {2},
year = {2010}
}

@misc{AQMichalski1991,
author = {Michalski Ryszard S, K. Kaufman, and J. Wnek},
title = {The {AQ} Family of Learning Programs: A Review of Recent Developments and an Exemplary Application},
type = {Reports of Machine Learning and Inference Laboratory},
institution = {George Mason University},
year = {1991},
month = {December}
}

@article{michalski1969quasi,
  title={On the quasi-minimal solution of the general covering problem},
  author={Michalski, Ryszard S},
  year={1969}
}

@Inbook{AQWojtusiak2012,
author={Wojtusiak, Janusz},
editor={Seel, Norbert M.},
title={AQ Learning},
bookTitle={Encyclopedia of the Sciences of Learning},
year={2012},
publisher={Springer US},
address={Boston, MA},
pages={298--300},
isbn={978-1-4419-1428-6},
doi={10.1007//978-1-4419-1428-6_845},
url={https://doi.org/10.1007/978-1-4419-1428-6_845}
}


